@article{Perry15,
   author={M. E. Perry and G. A. Neumann and R. J. Phillips and O. S. Barnouin and C. M. Ernst and D. S. Kahan and S. C. Solomon and M. T. Zuber and D. E. Smith and S. A. Hauck II and others},
   title={The low-degree shape of Mercury},
   journal={AGU Publications: Geophysical Research Letters},
   volume={42},
   year = 2015
}
